@article{Luo07JAmChemSoc129p8008,
author = {Luo, Minkui and Singh, Vipender and Taylor, Erika A. and Schramm, Vern L.},
title = {Transition-State Variation in Human, Bovine, and Plasmodium falciparum Adenosine Deaminases},
journal = {J. Am. Chem. Soc.},
volume = {129},
number = {25},
pages = {8008-8017},
year = {2007},
doi = {10.1021/ja072122y}
}

@article{Hub10JChemTheoryComput6p3713,
author = {Hub, Jochen S. and de Groot, Bert L. and van der Spoel, David},
title = {g\_whamâ€”A Free Weighted Histogram Analysis Implementation Including Robust Error and Autocorrelation Estimates},
journal = {J. Chem. Theory Comput.},
volume = {6},
number = {12},
pages = {3713-3720},
year = {2010},
doi = {10.1021/ct100494z}
}